%% This BibTeX bibliography file was created using BibDesk.
%% http://bibdesk.sourceforge.net/

%% Created for Felix Fritz at 2018-05-11 14:46:55 +0200 


%% Saved with string encoding Unicode (UTF-8) 



@book{gilles,
	Author = {Robert P. Gilles},
	Date-Added = {2018-05-11 12:41:26 +0000},
	Date-Modified = {2018-05-11 12:46:55 +0000},
	Editor = {W. Leinfellner and G. Eberlein},
	Publisher = {Springer},
	Series = {Series C: Game Theory, Mathematical Programming and Operations Research},
	Title = {The Cooperative Game Theory of Networks and Hierarchies},
	Volume = {44},
	Year = {2010},
	Bdsk-File-1 = {YnBsaXN0MDDUAQIDBAUGJCVYJHZlcnNpb25YJG9iamVjdHNZJGFyY2hpdmVyVCR0b3ASAAGGoKgHCBMUFRYaIVUkbnVsbNMJCgsMDxJXTlMua2V5c1pOUy5vYmplY3RzViRjbGFzc6INDoACgAOiEBGABIAFgAdccmVsYXRpdmVQYXRoWWFsaWFzRGF0YV8QNy4uLy4uLy4uL0Ryb3Bib3gvQ29vcEdhbWUvMTAuMTAwN185NzgtMy02NDItMDUyODItOC5wZGbSFwsYGVdOUy5kYXRhTxEBmgAAAAABmgACAAAMTWFjaW50b3NoIEhEAAAAAAAAAAAAAAAAAAAAAAAAAEJEAAH/////HTEwLjEwMDdfOTc4LTMtNjQyLTA1MjgyLTgucGRmAAAAAAAAAAAAAAAAAAAAAAAAAAAAAAAAAAAAAAAAAAAAAP////8AAAAAAAAAAAAAAAAAAwADAAAKIGN1AAAAAAAAAAAAAAAAAAhDb29wR2FtZQACAEEvOlVzZXJzOmZlbGl4ZnJpdHo6RHJvcGJveDpDb29wR2FtZToxMC4xMDA3Xzk3OC0zLTY0Mi0wNTI4Mi04LnBkZgAADgA8AB0AMQAwAC4AMQAwADAANwBfADkANwA4AC0AMwAtADYANAAyAC0AMAA1ADIAOAAyAC0AOAAuAHAAZABmAA8AGgAMAE0AYQBjAGkAbgB0AG8AcwBoACAASABEABIAP1VzZXJzL2ZlbGl4ZnJpdHovRHJvcGJveC9Db29wR2FtZS8xMC4xMDA3Xzk3OC0zLTY0Mi0wNTI4Mi04LnBkZgAAEwABLwAAFQACABH//wAAgAbSGxwdHlokY2xhc3NuYW1lWCRjbGFzc2VzXU5TTXV0YWJsZURhdGGjHR8gVk5TRGF0YVhOU09iamVjdNIbHCIjXE5TRGljdGlvbmFyeaIiIF8QD05TS2V5ZWRBcmNoaXZlctEmJ1Ryb290gAEACAARABoAIwAtADIANwBAAEYATQBVAGAAZwBqAGwAbgBxAHMAdQB3AIQAjgDIAM0A1QJzAnUCegKFAo4CnAKgAqcCsAK1AsICxQLXAtoC3wAAAAAAAAIBAAAAAAAAACgAAAAAAAAAAAAAAAAAAALh}}

@article{einstein,
	Author = {Albert Einstein},
	Date-Modified = {2018-05-11 12:40:26 +0000},
	Journal = {Annalen der Physik},
	Number = {10},
	Pages = {891--921},
	Title = {{Zur Elektrodynamik bewegter K{\"o}rper}. ({German}) [{On} the electrodynamics of moving bodies]},
	Volume = {322},
	Year = {1905},
	Bdsk-Url-1 = {http://dx.doi.org/10.1002/andp.19053221004}}

@book{latexcompanion,
	Address = {Reading, Massachusetts},
	Author = {Michel Goossens and Frank Mittelbach and Alexander Samarin},
	Publisher = {Addison-Wesley},
	Title = {The \LaTeX\ Companion},
	Year = {1993}}

@misc{knuthwebsite,
	Author = {Donald Knuth},
	Date-Modified = {2018-05-11 12:40:26 +0000},
	Title = {Knuth: Computers and Typesetting},
	Bdsk-Url-1 = {http://www-cs-faculty.stanford.edu/%5C~%7B%7Duno/abcde.html}}
